@book{cavallo,
  author    = {Nome Cognome},
  title     = {Titolo del libro},
  publisher = {Casa Editrice},
  year      = {Anno},
  address   = {Citt√† di pubblicazione},
}

@article{chiaveAutoreArticolo,
  author  = {Nome Cognome},
  title   = {Titolo dell'articolo},
  journal = {Nome della rivista},
  year    = {Anno},
  volume  = {Numero volume},
  number  = {Numero edizione},
  pages   = {Intervallo pagine},
}

@incollection{chiaveAutoreCapitolo,
  author    = {Nome Cognome},
  title     = {Titolo del capitolo},
  booktitle = {Titolo del libro},
  publisher = {Casa Editrice},
  year      = {Anno},
  editor    = {Nome dell'editor},
  pages     = {Intervallo pagine},
}

@online{CUDAtutorial,
  author    = {Bernhard Kerbl and Kenzel Michael and Winter Martin and Steinberger Markus },
  title     = {CUDA Tutorial: Part 1},
  year      = {2022},
  howpublished = "\url{https://cuda-tutorial.github.io/part1_22.pdf}",
  note      = {Accesso il 12 giugno 2024},
}

@online{CUDAhierarchy,
    author       = {{Miaoyu Cai}},
    title        = {A GPU-Accelerated Method for 3D Nonlinear Kelvin Ship Wake Patterns Simulation - Scientific Figure},
    year         = {2024},
    howpublished          = "\url{https://www.researchgate.net/figure/Illustration-of-CUDA-execution-mode-and-thread-organization-hierarchy-23_fig5_375537168}",
    note         = {Accessed: 30 September 2024}
}


